@article{arnabold,
	title = {Exposing {Hidden} {Exploitable} {Behaviors} in {Programming} {Languages} {Using} {Differential} {Fuzzing}},
	abstract = {Securely developed applications may have unidentified vulnerabilities in the underlying programming languages. Attackers can target these programming language flaws to alter applications' behavior. This means applications are only as secure as the programming languages parsing the code.},
	language = {en},
	author = {Arnaboldi, Fernando},
	pages = {19},
}

@INPROCEEDINGS{McCarthy1967,
    author = {John Mccarthy and James Painter},
    title = {Correctness of a compiler for arithmetic expressions},
    booktitle = {},
    year = {1967},
    pages = {33--41},
    publisher = {American Mathematical Society}
}

@article{Dave:2003:CVB:966221.966235,
 author = {Dave, Maulik A.},
 title = {Compiler {Verification}: {A} {Bibliography}},
 journal = {SIGSOFT Softw. Eng. Notes},
 issue_date = {November 2003},
 volume = {28},
 number = {6},
 month = nov,
 year = {2003},
 issn = {0163-5948},
 pages = {2--2},
 numpages = {1},
 url = {http://doi.acm.org/10.1145/966221.966235},
 doi = {10.1145/966221.966235},
 acmid = {966235},
 publisher = {ACM},
 address = {New York, NY, USA},
} 


@inproceedings{Leroy:2006,
 author = {Leroy, Xavier},
 title = {Formal {Certification} of a {Compiler} {Back-end} or: {Programming} a {Compiler} with a {Proof} {Assistant}},
 booktitle = {Conference Record of the 33rd ACM SIGPLAN-SIGACT Symposium on Principles of Programming Languages},
 series = {POPL '06},
 year = {2006},
 isbn = {1-59593-027-2},
 location = {Charleston, South Carolina, USA},
 pages = {42--54},
 numpages = {13},
 url = {http://doi.acm.org/10.1145/1111037.1111042},
 doi = {10.1145/1111037.1111042},
 acmid = {1111042},
 publisher = {ACM},
 address = {New York, NY, USA},
 keywords = {certified compilation, compiler transformations and optimizations, program proof, semantic preservation, the Coq theorem prover},
} 

@article{Leroy:2009,
 author = {Leroy, Xavier},
 title = {{Formal} {Verification} of a {Realistic} {Compiler}},
 journal = {Commun. ACM},
 issue_date = {July 2009},
 volume = {52},
 number = {7},
 month = jul,
 year = {2009},
 issn = {0001-0782},
 pages = {107--115},
 numpages = {9},
 url = {http://doi.acm.org/10.1145/1538788.1538814},
 doi = {10.1145/1538788.1538814},
 acmid = {1538814},
 publisher = {ACM},
 address = {New York, NY, USA},
} 

@INPROCEEDINGS{Chen:2017, 
author={J. Chen and Y. Bai and D. Hao and Y. Xiong and H. Zhang and B. Xie}, 
booktitle={2017 IEEE/ACM 39th International Conference on Software Engineering (ICSE)}, 
title={Learning to {Prioritize} {Test} {Programs} for {Compiler} {Testing}}, 
year={2017}, 
volume={}, 
number={}, 
pages={700-711}, 
keywords={learning (artificial intelligence);program compilers;program testing;scheduling;software reliability;LET;automated compiler testing;bug-revealing probabilities;bug-revealing test programs;compiler bugs;compiler reliability;learning process;scheduling process;software systems;test-generation tools;time model;Computer bugs;Feature extraction;Life estimation;Predictive models;Program processors;Testing;Training}, 
doi={10.1109/ICSE.2017.70}, 
ISSN={}, 
month={May},}

@INPROCEEDINGS{Harrison:2003, 
author={J. Harrison}, 
booktitle={18th Annual IEEE Symposium of Logic in Computer Science, 2003. Proceedings.}, 
title={Formal verification at Intel}, 
year={2003}, 
volume={}, 
number={}, 
pages={45-54}, 
keywords={formal verification;theorem proving;HOL Light;Intel;LCF-style theorem prover;floating-point function;formal verification;hardware industry;higher-order theorem prover;interactive theorem prover;mathematical framework;mathematical function;proof algorithm;propositional checking;public-domain theorem prover;special-purpose algorithm;tautology checking;Application software;Bismuth;Computer errors;Cost function;Formal verification;Hardware;Logic;Mathematical model;Programming profession;Testing}, 
doi={10.1109/LICS.2003.1210044}, 
ISSN={1043-6871}, 
month={June},}

@ARTICLE{5389341, 
author={T. Schlipf and T. Buechner and R. Fritz and M. Helms and J. Koehl}, 
journal={IBM Journal of Research and Development}, 
title={Formal verification made easy}, 
year={1997}, 
volume={41}, 
number={4.5}, 
pages={567-576}, 
keywords={}, 
doi={10.1147/rd.414.0567}, 
ISSN={0018-8646}, 
month={July},}

@INPROCEEDINGS{Chen:2016, 
author={J. Chen and W. Hu and D. Hao and Y. Xiong and H. Zhang and L. Zhang and B. Xie}, 
booktitle={2016 IEEE/ACM 38th International Conference on Software Engineering (ICSE)}, 
title={An {Empirical} {Comparison} of {Compiler} {Testing} {Techniques}}, 
year={2016}, 
volume={}, 
number={}, 
pages={180-190}, 
keywords={program compilers;program testing;DOL;EMI;RDT;bug detection;compiler testing techniques;different optimization levels;equivalence modulo inputs;randomized differential testing;test oracles;test program generation;testing effectiveness;Computer bugs;Electromagnetic interference;History;Optimization;Program processors;Testing}, 
doi={10.1145/2884781.2884878}, 
ISSN={}, 
month={May},}@INPROCEEDINGS{Chen2:2016, 
author={J. Chen and Y. Bai and D. Hao and Y. Xiong and H. Zhang and L. Zhang and B. Xie}, 
booktitle={2016 IEEE International Conference on Software Testing, Verification and Validation (ICST)}, 
title={Test Case Prioritization for Compilers: A Text-Vector Based Approach}, 
year={2016}, 
volume={}, 
number={}, 
pages={266-277}, 
keywords={feature extraction;greedy algorithms;program compilers;program debugging;program testing;search problems;software fault tolerance;vectors;C compiler testing;adaptive random strategy;bug detection;fault-relevant characteristic;greedy strategy;search strategy;test case prioritization;text-vector based approach;token extraction;Computer bugs;Optimization;Principal component analysis;Program processors;Search problems;Testing;Transforms}, 
doi={10.1109/ICST.2016.19}, 
ISSN={}, 
month={April},}

@INPROCEEDINGS{OLeary2004, 
author={J. O'Leary}, 
booktitle={Formal Methods and Models for Co-Design, 2004. MEMOCODE '04. Proceedings. Second ACM and IEEE International Conference on}, 
title={Formal verification in Intel CPU design}, 
year={2004}, 
volume={}, 
number={}, 
pages={152-}, 
keywords={floating point arithmetic;formal verification;logic design;microprocessor chips;theorem proving;Intel CPU design;Pentium 4 formal verification;floating-point operations;higher-order logic theorem proving;model checking;symbolic trajectory evaluation;Computer bugs;Design automation;Formal verification;Hardware;Logic design;Process design}, 
doi={10.1109/MEMCOD.2004.1459841}, 
ISSN={}, 
month={June},}

@INPROCEEDINGS{8328737, 
author={T. Abdellatif and K. L. Brousmiche}, 
booktitle={2018 9th IFIP International Conference on New Technologies, Mobility and Security (NTMS)}, 
title={Formal {Verification} of {Smart} {Contracts} {Based} on {Users} and {Blockchain} {Behaviors} {Models}}, 
year={2018}, 
volume={}, 
number={}, 
pages={1-5}, 
keywords={Connectors;Contracts;Model checking;Peer-to-peer computing;Registers;Switches}, 
doi={10.1109/NTMS.2018.8328737}, 
ISSN={}, 
month={Feb},}

@inproceedings{Blazy:2006,
 author = {Blazy, Sandrine and Dargaye, Zaynah and Leroy, Xavier},
 title = {Formal {Verification} of a {C} {Compiler} {Front-end}},
 booktitle = {Proceedings of the 14th International Conference on Formal Methods},
 series = {FM'06},
 year = {2006},
 isbn = {3-540-37215-6, 978-3-540-37215-8},
 location = {Hamilton, Canada},
 pages = {460--475},
 numpages = {16},
 url = {http://dx.doi.org/10.1007/11813040_31},
 doi = {10.1007/11813040_31},
 acmid = {2164865},
 publisher = {Springer-Verlag},
 address = {Berlin, Heidelberg},
} 

@article{Patterson:1980,
 author = {Patterson, David A. and Ditzel, David R.},
 title = {The Case for the Reduced Instruction Set Computer},
 journal = {SIGARCH Comput. Archit. News},
 issue_date = {October 1980},
 volume = {8},
 number = {6},
 month = oct,
 year = {1980},
 issn = {0163-5964},
 pages = {25--33},
 numpages = {9},
 url = {http://doi.acm.org/10.1145/641914.641917},
 doi = {10.1145/641914.641917},
 acmid = {641917},
 publisher = {ACM},
 address = {New York, NY, USA},
} 

@ARTICLE{Kernighan, 
author={B. W. Kernighan}, 
journal={IEEE Potentials}, 
title={A programming language called {C}}, 
year={1983}, 
volume={2}, 
number={December}, 
pages={26-30}, 
keywords={Computer languages;Operating systems;Program processors;Programming;Switches}, 
doi={10.1109/MP.1983.6499601}, 
ISSN={0278-6648}, 
month={Dec},}

@article{Servetto:2014,
title = "A meta-circular language for active libraries",
journal = "Science of Computer Programming",
volume = "95",
pages = "219 - 253",
year = "2014",
note = "Selected and extended papers from Partial Evaluation and Program Manipulation 2013",
issn = "0167-6423",
doi = "https://doi.org/10.1016/j.scico.2014.05.003",
url = "http://www.sciencedirect.com/science/article/pii/S0167642314002317",
author = "Marco Servetto and Elena Zucca",
keywords = "Java, Meta-programming, Nested classes, Active libraries"
}

@electronic{Servetto:L42,
 author   = "Servetto, Marco",
 title     = "42- Metaprogramming as default",
 url       = "l42.is"
}

@book{OOPinC,
 	author = "Axel Schreiner",
	title = "Object-Oriented {Programming} With {ANSI-C}",
	publisher = "Hanser",
	year = "1994",
}


@inproceedings{Bohme:2010:TAF:1753326.1753689,
 author = {B\"{o}hme, Rainer and K\"{o}psell, Stefan},
 title = {Trained to Accept?: A Field Experiment on Consent Dialogs},
 booktitle = {Proceedings of the SIGCHI Conference on Human Factors in Computing Systems},
 series = {CHI '10},
 year = {2010},
 isbn = {978-1-60558-929-9},
 location = {Atlanta, Georgia, USA},
 pages = {2403--2406},
 numpages = {4},
 url = {http://doi.acm.org/10.1145/1753326.1753689},
 doi = {10.1145/1753326.1753689},
 acmid = {1753689},
 publisher = {ACM},
 address = {New York, NY, USA},
 keywords = {an.on/jondonym, default button, eula, field experiment, informed consent, privacy notices, user behavior},
} 


