@article{arnabold,
	title = {Exposing {Hidden} {Exploitable} {Behaviors} in {Programming} {Languages} {Using} {Differential} {Fuzzing}},
	abstract = {Securely developed applications may have unidentified vulnerabilities in the underlying programming languages. Attackers can target these programming language flaws to alter applications' behavior. This means applications are only as secure as the programming languages parsing the code.},
	language = {en},
	author = {Arnaboldi, Fernando},
	pages = {19},
}

@article{Yang:2011,
 author = {Yang, Xuejun and Chen, Yang and Eide, Eric and Regehr, John},
 title = {Finding and {Understanding Bugs} in {C} {Compilers}},
 journal = {SIGPLAN Not.},
 issue_date = {June 2011},
 volume = {46},
 number = {6},
 month = jun,
 year = {2011},
 issn = {0362-1340},
 pages = {283--294},
 numpages = {12},
 url = {http://doi.acm.org/10.1145/1993316.1993532},
 doi = {10.1145/1993316.1993532},
 acmid = {1993532},
 publisher = {ACM},
 address = {New York, NY, USA},
 keywords = {automated testing, compiler defect, compiler testing, random program generation, random testing},
} 

@unpublished{EWD:EWD249,
   author = {Edsger W. Dijkstra},
   title = {Notes on {S}tructured {P}rogramming - 249},
   month = {apr},
   year = {1970},
   note = {circulated privately},
   url = {http://www.cs.utexas.edu/users/EWD/ewd02xx/EWD249.PDF},
   fileSize = {2054 KB},
}
