@article{Leroy:2009,
 author = {Leroy, Xavier},
 title = {{Formal} {Verification} of a {Realistic} {Compiler}},
 journal = {Commun. ACM},
 issue_date = {July 2009},
 volume = {52},
 number = {7},
 month = jul,
 year = {2009},
 issn = {0001-0782},
 pages = {107--115},
 numpages = {9},
 url = {http://doi.acm.org/10.1145/1538788.1538814},
 doi = {10.1145/1538788.1538814},
 acmid = {1538814},
 publisher = {ACM},
 address = {New York, NY, USA},
} 

@inproceedings{Blazy:2006,
 author = {Blazy, Sandrine and Dargaye, Zaynah and Leroy, Xavier},
 title = {Formal {Verification} of a {C} {Compiler} {Front-end}},
 booktitle = {Proceedings of the 14th International Conference on Formal Methods},
 series = {FM'06},
 year = {2006},
 isbn = {3-540-37215-6, 978-3-540-37215-8},
 location = {Hamilton, Canada},
 pages = {460--475},
 numpages = {16},
 url = {http://dx.doi.org/10.1007/11813040_31},
 doi = {10.1007/11813040_31},
 acmid = {2164865},
 publisher = {Springer-Verlag},
 address = {Berlin, Heidelberg},
} 

@article{arnabold,
	title = {Exposing {Hidden} {Exploitable} {Behaviors} in {Programming} {Languages} {Using} {Differential} {Fuzzing}},
	abstract = {Securely developed applications may have unidentified vulnerabilities in the underlying programming languages. Attackers can target these programming language flaws to alter applications' behavior. This means applications are only as 	secure as the programming languages parsing the code.},
	language = {en},
	author = {Arnaboldi, Fernando},
	pages = {19},
}

@article{Yang:2011,
 author = {Yang, Xuejun and Chen, Yang and Eide, Eric and Regehr, John},
 title = {Finding and Understanding Bugs in C Compilers},
 journal = {SIGPLAN Not.},
 issue_date = {June 2011},
 volume = {46},
 number = {6},
 month = jun,
 year = {2011},
 issn = {0362-1340},
 pages = {283--294},
 numpages = {12},
 url = {http://doi.acm.org/10.1145/1993316.1993532},
 doi = {10.1145/1993316.1993532},
 acmid = {1993532},
 publisher = {ACM},
 address = {New York, NY, USA},
 keywords = {automated testing, compiler defect, compiler testing, random program generation, random testing},
} 


@inproceedings{Miller:2000,
 author = {Forrester, Justin E. and Miller, Barton P.},
 title = {An {Empirical} {Study} of the {Robustness} of {Windows} {NT} {Applications} {Using} {Random} {Testing}},
 booktitle = {Proceedings of the 4th Conference on USENIX Windows Systems Symposium - Volume 4},
 series = {WSS'00},
 year = {2000},
 location = {Seattle, Washington},
 pages = {6--6},
 numpages = {1},
 url = {http://dl.acm.org/citation.cfm?id=1267102.1267108},
 acmid = {1267108},
 publisher = {USENIX Association},
 address = {Berkeley, CA, USA},
} 

@Article{Blazy:2009,
author="Blazy, Sandrine
and Leroy, Xavier",
title="{Mechanized} {Semantics} for the {Clight} {Subset} of the {C} {Language}",
journal="Journal of Automated Reasoning",
year="2009",
month="Oct",
day="01",
volume="43",
number="3",
pages="263--288",
issn="1573-0670",
doi="10.1007/s10817-009-9148-3",
url="https://doi.org/10.1007/s10817-009-9148-3"
}

@inproceedings{Amin:2016,
 author = {Amin, Nada and Tate, Ross},
	 title = {Java and {Scala's} {Type} {Systems} are {Unsound}: {The} {Existential} {Crisis} of {Null} {Pointers}},
 booktitle = {Proceedings of the 2016 ACM SIGPLAN International Conference on Object-Oriented Programming, Systems, Languages, and Applications},
 series = {OOPSLA 2016},
 year = {2016},
 isbn = {978-1-4503-4444-9},
 location = {Amsterdam, Netherlands},
 pages = {838--848},
 numpages = {11},
 url = {http://doi.acm.org/10.1145/2983990.2984004},
 doi = {10.1145/2983990.2984004},
 acmid = {2984004},
 publisher = {ACM},
 address = {New York, NY, USA},
 keywords = {Existential, Java, Null, Scala, Unsoundness},
} 

@TECHREPORT{Miller:1995,
    author = {Barton P. Miller and David Koski and Cjin Pheow and Lee Vivekananda Maganty and Ravi Murthy and Ajitkumar Natarajan and Jeff Steidl},
    title = {{Fuzz} {Revisited}: {A} {Re-examination} of the {Reliability} of {UNIX} {Utilities} and {Services}},
    institution = {},
    year = {1995}
}


@article{Miller:1990,
 author = {Miller, Barton P. and Fredriksen, Louis and So, Bryan},
 title = {An {Empirical Study} of the {Reliability} of {UNIX} {Utilities}},
 journal = {Commun. ACM},
 issue_date = {Dec. 1990},
 volume = {33},
 number = {12},
 month = dec,
 year = {1990},
 issn = {0001-0782},
 pages = {32--44},
 numpages = {13},
 url = {http://doi.acm.org/10.1145/96267.96279},
 doi = {10.1145/96267.96279},
 acmid = {96279},
 publisher = {ACM},
 address = {New York, NY, USA},
} 

@misc{opLecture,
  Author = {Seacord, Robert},
  Institution = {Carnegie Mellon University},
  howpublished = "\url{http://www.eng.utah.edu/~cs5785/slides-f10/Dangerous+Optimizations.pdf}",
  Year = {2010},
  Title = {Dangerous {Optimizations} and the {Loss} of {Causality}}
}

@misc{stackOP,
    title = "Can compiler optimization introduce bugs",
    year = "2010",
    howpublished = "\url{https://stackoverflow.com/questions/2722302/can-compiler-optimization-introduce-bugs}",
    note = "[Online; accessed 07-June-2018]",
  }

@misc{lwnNull,
    title = "Fun with {NULL} pointers, part 1 {[LWN.net]}",
    year = "2009",
    howpublished = "\url{https://lwn.net/Articles/342330/}",
    note = "[Online; accessed 07-June-2018]",
  }

@misc{Unsound,
    title = "The {Unsound} {Playground}",
    year = "2018",
    howpublished = "\url{https://lwn.net/Articles/342330/}",
    note = "[Online; accessed 06-June-2018]",
  }

@misc{gccbugs,
    title = "Bug {List}",
    year = "2018",
    howpublished = "\url{https://gcc.gnu.org/bugzilla/buglist.cgi?chfield=\%5BBug\%20creation\%5D&chfieldfrom=7d}",
    note = "[Online; accessed 07-June-2018]",
  }

@misc{CompCert,
    title = "Comp{C}ert",
    year = "2018",
    howpublished = "\url{http://compcert.inria.fr}",
    note = "[Online; accessed 26-May-2018]",
  }

@misc{MITMUT,
    title = "Mutability \& {Immutability}",
    year = "2015",
    howpublished = "\url{http://web.mit.edu/6.005/www/fa15/classes/09-immutability/}",
    note = "[Online; accessed 05-June-2018]",
  }

@misc{L42,
    title = "42 - {Metaprogramming} as default - {Tutorial}",
    year = "2018",
    howpublished = "\url{http://l42.is/tutorial.xhtml}",
    note = "[Online; accessed 19-May-2018]",
  }

@misc{L42Main,
    title = "42 - {Metaprogramming} as default",
    year = "2018",
    howpublished = "\url{http://l42.is.xhtml}",
    note = "[Online; accessed 19-May-2018]",
  }

@misc{javabugs,
    title = "Known {Issues} for {JDK} 8",
    year = "2018",
    howpublished = "\url{http://www.oracle.com/technetwork/java/javase/8-known-issues-2157115.html}",
    note = "[Online; accessed 08-June-2018]",
  }

@misc{afl,
	title = "american fuzzy lop",
	year = "2018",
	howpublished = "\url{http://lcamtuf.coredump.cx/afl/}",
	note = "[Online; accessed 27-May-2018]",
}

@misc{javaAfl,
	title = "AFL-based fuzzing for {Java}",
	year = "2018",
	howpublished = "\url{https://github.com/isstac/kelinci}",
	note = "[Online; accessed 28-May-2018]",
}

@misc{javaFuzz,
	title = "JavaFuzz is a java classes fuzzer based on the the {Java} {Reflection} {API}",
	year = "2016",
	howpublished = "\url{https://github.com/cphr/javafuzz}",
	note = "[Online; accessed 27-May-2018]",
}

@INPROCEEDINGS{Harrison:2003, 
author={J. Harrison}, 
booktitle={18th Annual IEEE Symposium of Logic in Computer Science, 2003. Proceedings.}, 
title={Formal verification at Intel}, 
year={2003}, 
volume={}, 
number={}, 
pages={45-54}, 
keywords={formal verification;theorem proving;HOL Light;Intel;LCF-style theorem prover;floating-point function;formal verification;hardware industry;higher-order theorem prover;interactive theorem prover;mathematical framework;mathematical function;proof algorithm;propositional checking;public-domain theorem prover;special-purpose algorithm;tautology checking;Application software;Bismuth;Computer errors;Cost function;Formal verification;Hardware;Logic;Mathematical model;Programming profession;Testing}, 
doi={10.1109/LICS.2003.1210044}, 
ISSN={1043-6871}, 
month={June},}



@INPROCEEDINGS{Pacheco:20072, 
author={C. Pacheco and S. K. Lahiri and M. D. Ernst and T. Ball}, 
booktitle={29th International Conference on Software Engineering (ICSE'07)}, 
title={Feedback-Directed Random Test Generation}, 
year={2007}, 
volume={}, 
number={}, 
pages={75-84}, 
keywords={program testing;error detection;failing tests;feedback-directed random test generation;passing tests;Contracts;Error correction codes;Feedback;Filters;Law;Legal factors;Object oriented modeling;Open source software;Software testing;System testing}, 
doi={10.1109/ICSE.2007.37}, 
ISSN={0270-5257}, 
month={May},}

@inproceedings{Pacheco:2007,
   author = {Carlos Pacheco and Michael D. Ernst},
   title = {{Randoop:} Feedback-directed Random Testing for {Java}},
   booktitle = {OOPSLA 2007 Companion, Montreal, Canada},
   month = oct,
   year = {2007},
   organization = {ACM}
}

@INPROCEEDINGS{Chen:2016, 
author={J. Chen and W. Hu and D. Hao and Y. Xiong and H. Zhang and L. Zhang and B. Xie}, 
booktitle={2016 IEEE/ACM 38th International Conference on Software Engineering (ICSE)}, 
title={An {Empirical} {Comparison} of {Compiler} {Testing} {Techniques}}, 
year={2016}, 
volume={}, 
number={}, 
pages={180-190}, 
keywords={program compilers;program testing;DOL;EMI;RDT;bug detection;compiler testing techniques;different optimization levels;equivalence modulo inputs;randomized differential testing;test oracles;test program generation;testing effectiveness;Computer bugs;Electromagnetic interference;History;Optimization;Program processors;Testing}, 
doi={10.1145/2884781.2884878}, 
ISSN={}, 
month={May},}@INPROCEEDINGS{Chen2:2016, 
author={J. Chen and Y. Bai and D. Hao and Y. Xiong and H. Zhang and L. Zhang and B. Xie}, 
booktitle={2016 IEEE International Conference on Software Testing, Verification and Validation (ICST)}, 
title={Test Case Prioritization for Compilers: A Text-Vector Based Approach}, 
year={2016}, 
volume={}, 
number={}, 
pages={266-277}, 
keywords={feature extraction;greedy algorithms;program compilers;program debugging;program testing;search problems;software fault tolerance;vectors;C compiler testing;adaptive random strategy;bug detection;fault-relevant characteristic;greedy strategy;search strategy;test case prioritization;text-vector based approach;token extraction;Computer bugs;Optimization;Principal component analysis;Program processors;Search problems;Testing;Transforms}, 
doi={10.1109/ICST.2016.19}, 
ISSN={}, 
month={April},}


@INPROCEEDINGS{Chen:2017, 
author={J. Chen and Y. Bai and D. Hao and Y. Xiong and H. Zhang and B. Xie}, 
booktitle={2017 IEEE/ACM 39th International Conference on Software Engineering (ICSE)}, 
title={Learning to {Prioritize} {Test} {Programs} for {Compiler} {Testing}}, 
year={2017}, 
volume={}, 
number={}, 
pages={700-711}, 
keywords={learning (artificial intelligence);program compilers;program testing;scheduling;software reliability;LET;automated compiler testing;bug-revealing probabilities;bug-revealing test programs;compiler bugs;compiler reliability;learning process;scheduling process;software systems;test-generation tools;time model;Computer bugs;Feature extraction;Life estimation;Predictive models;Program processors;Testing;Training}, 
doi={10.1109/ICSE.2017.70}, 
ISSN={}, 
month={May},}

@inproceedings{Leroy:2006,
 author = {Leroy, Xavier},
 title = {Formal {Certification} of a {Compiler} {Back-end} or: {Programming} a {Compiler} with a {Proof} {Assistant}},
 booktitle = {Conference Record of the 33rd ACM SIGPLAN-SIGACT Symposium on Principles of Programming Languages},
 series = {POPL '06},
 year = {2006},
 isbn = {1-59593-027-2},
 location = {Charleston, South Carolina, USA},
 pages = {42--54},
 numpages = {13},
 url = {http://doi.acm.org/10.1145/1111037.1111042},
 doi = {10.1145/1111037.1111042},
 acmid = {1111042},
 publisher = {ACM},
 address = {New York, NY, USA},
 keywords = {certified compilation, compiler transformations and optimizations, program proof, semantic preservation, the Coq theorem prover},
} 

@article{Yang:2011,
 author = {Yang, Xuejun and Chen, Yang and Eide, Eric and Regehr, John},
 title = {Finding and {Understanding Bugs} in {C} {Compilers}},
 journal = {SIGPLAN Not.},
 issue_date = {June 2011},
 volume = {46},
 number = {6},
 month = jun,
 year = {2011},
 issn = {0362-1340},
 pages = {283--294},
 numpages = {12},
 url = {http://doi.acm.org/10.1145/1993316.1993532},
 doi = {10.1145/1993316.1993532},
 acmid = {1993532},
 publisher = {ACM},
 address = {New York, NY, USA},
 keywords = {automated testing, compiler defect, compiler testing, random program generation, random testing},
} 

@unpublished{EWD:EWD249,
   author = {Edsger W. Dijkstra},
   title = {Notes on {S}tructured {P}rogramming - 249},
   month = {apr},
   year = {1970},
   note = {circulated privately},
   url = {http://www.cs.utexas.edu/users/EWD/ewd02xx/EWD249.PDF},
   fileSize = {2054 KB},
}

@unpublished{EWD:EWD1304,
   author = {Edsger W. Dijkstra},
   title = {The end of {Computing} {Science}},
   month = {nov},
   year = {2000},
   note = {circulated privately},
   url = {https://www.cs.utexas.edu/users/EWD/transcriptions/EWD13xx/EWD1304.html},

}

@Article{Kossatchev,
author="Kossatchev, A. S.
and Posypkin, M. A.",
title="Survey of compiler testing methods",
journal="Programming and Computer Software",
year="2005",
month="Jan",
day="01",
volume="31",
number="1",
pages="10--19",
issn="1608-3261",
doi="10.1007/s11086-005-0008-6",
url="https://doi.org/10.1007/s11086-005-0008-6"
}

@misc{parserBugs,
author = {Greg Hoglund},
title = {Exploiting {Parsing} {Bugs} - {Black} {Hat}},
	howpublished = "\url{https://www.blackhat.com/presentations/bh-asia-02/bh-asia-02-hoglund.pdf}",
organization = {Black Hat},
    note = "[Online; accessed 05-June-2018]",
date = {2002-10-03},
}

@article{Mandl,
 author = {Mandl, Robert},
 title = {Orthogonal {Latin} {Squares}: {An} {Application} of {Experiment} {Design} to {Compiler} {Testing}},
 journal = {Commun. ACM},
 issue_date = {Oct. 1985},
 volume = {28},
 number = {10},
 month = oct,
 year = {1985},
 issn = {0001-0782},
 pages = {1054--1058},
 numpages = {5},
 url = {http://doi.acm.org/10.1145/4372.4375},
 doi = {10.1145/4372.4375},
 acmid = {4375},
 publisher = {ACM},
 address = {New York, NY, USA},
} 

@article{Parker,
  title={Orthogonal {Latin} {Squares}},
  author={Parker, Ernest T},
  journal={Proceedings of the National Academy of Sciences},
  volume={45},
  number={6},
  pages={859--862},
  year={1959},
  publisher={National Acad Sciences}
}

@inbook{ostrand,
author = {Ostrand, Thomas},
publisher = "{John Wiley \& Sons, Inc}",
isbn = {9780471028956},
title = {Encyclopedia of Software Engineering},
chapter = {},
pages = {76-78},
doi = {10.1002/0471028959.sof022},
url = {https://onlinelibrary.wiley.com/doi/abs/10.1002/0471028959.sof022},
eprint = {https://onlinelibrary.wiley.com/doi/pdf/10.1002/0471028959.sof022},
year = {2002},
}

@article{nidhra,
  title={Black box and white box testing techniques-a literature review},
  author={Nidhra, Srinivas and Dondeti, Jagruthi},
  journal={International Journal of Embedded Systems and Applications (IJESA)},
  volume={2},
  number={2},
  pages={29--50},
  year={2012}
}

@article{watson,
author = {Watson, Arthur H and McCabe, Thomas J},
year = {1996},
month = {01},
pages = {},
title = {Structured testing: a software testing methodology using the cyclomatic complexity metric},
booktitle = {NMS Special Publication}
}

@BOOK{ammann ,
  TITLE = "{Introduction to Software Testing}",
  AUTHOR = {Ammann, Paul and Offutt, Jeff},
  YEAR = {2017},
  PUBLISHER = {Cambridge University Press},
}

@article{khan2012,
  title={A comparative study of white box, black box and grey box testing techniques},
  author={Khan, Mohd Ehmer and Khan, Farmeena and others},
  journal={Int. J. Adv. Comput. Sci. Appl},
  volume={3},
  number={6},
  year={2012},
  publisher={Citeseer}
}

@BOOK{homes ,
  TITLE = "{Fundamentals of Software Testing}",
  AUTHOR = {Homès, Bernard},
  YEAR = {2013},
  PUBLISHER = {Wiley \& Sons},
}

@article{chen2013,
 author = {Chen, Yang and Groce, Alex and Zhang, Chaoqiang and Wong, Weng-Keen and Fern, Xiaoli and Eide, Eric and Regehr, John},
 title = {Taming Compiler Fuzzers},
 journal = {SIGPLAN Not.},
 issue_date = {June 2013},
 volume = {48},
 number = {6},
 month = jun,
 year = {2013},
 issn = {0362-1340},
 pages = {197--208},
 numpages = {12},
 url = {http://doi.acm.org/10.1145/2499370.2462173},
 doi = {10.1145/2499370.2462173},
 acmid = {2462173},
 publisher = {ACM},
 address = {New York, NY, USA},
} 

@misc{42TestHelper,
    title = "{AdenKenny/42TestHelper: A quick and dirty tool for turning 42 code to Java tests}",
    year = "2018",
    howpublished = "\url{https://github.com/AdenKenny/42TestHelper/}",
    note = "[Online; accessed 16-September-2018]",
  }

@misc{loc,
    title = "{Lines of Code and Unintended Consequences | JavaWorld}",
    year = "2008",
    howpublished = "\url{https://www.javaworld.com/article/2072312/lines-of-code-and-unintended-consequences.html}",
    note = "[Online; accessed 19-September-2018]",
  }

@misc{loc2,
    title = "{ProjectManagement.com - Why Lines of Code (LOC) Measures Irritate Me}",
    year = "2012",
    howpublished = "\url{https://www.projectmanagement.com/blog-post/5104/Why-Lines-of-Code--LOC--Measures-Irritate-Me}",
    note = "[Online; accessed 19-September-2018]",
  }

@misc{outline,
    title = "{Debugging the 42 prototype - 489 Project Selection}",
    year = "2018",
    howpublished = "\url{https://ecs.victoria.ac.nz/apps/projectselection/}",
    note = "[Online; accessed 28-September-2018]",
  }

@InProceedings{Java2ef,
author="Trudel, Marco
and Oriol, Manuel
and Furia, Carlo A.
and Nordio, Martin",
editor="Bishop, Judith
and Vallecillo, Antonio",
title="{Automated Translation of Java Source Code to Eiffel}",
booktitle="Objects, Models, Components, Patterns",
year="2011",
publisher="Springer Berlin Heidelberg",
address="Berlin, Heidelberg",
pages="20--35",
isbn="978-3-642-21952-8"
}

@misc{gwt,
    title = "{[GWT]}",
    year = "2018",
    howpublished = "\url{http://www.gwtproject.org/}",
    note = "[Online; accessed 4-October-2018]",
  }

@misc{scotch,
    title = "{JavaScript Transpilers: What They Are \& Why We Need Them --- Scotch}",
    year = "2016",
    howpublished = "\url{https://scotch.io/tutorials/javascript-transpilers-what-they-are-why-we-need-them}",
    note = "[Online; accessed 4-October-2018]",
  }

@misc{simple,
    title = "{WebAssembly: Finally Freed from JavaScript? - Simple Programmer}",
    year = "2016",
    howpublished = "\url{https://simpleprogrammer.com/webassembly-finally-freed-javascript/}",
    note = "[Online; accessed 4-October-2018]",
  }

@inbook{cathedral,
  TITLE = "{The Cathedral and the Bazaar}",
  AUTHOR = {Raymond, Eric S.},
chapter = {2},
pages = {4},
  YEAR = {1999},
  PUBLISHER = {O'Reilly Media, Inc.},
}

@misc{securityBugs,
    title = "{Why All Linux (Security) Bugs Aren't Shallow}",
    year = "2015",
    howpublished = "\url{https://www.esecurityplanet.com/open-source-security/why-all-linux-security-bugs-arent-shallow.html}",
    note = "[Online; accessed 5-October-2018]",
  }

@INPROCEEDINGS{wang, 
author={J. Wang and J. M. Carroll}, 
booktitle={2011 International Conference on Collaboration Technologies and Systems (CTS)}, 
title="{Behind Linus's Law: A Preliminary Analysis of Open Source Software Peer Review Practices in Mozilla and Python}", 
year={2011}, 
volume={}, 
number={}, 
pages={117-124}, 
doi={10.1109/CTS.2011.5928673}, 
ISSN={}, 
month={May},}

@inproceedings{reduction,
 author = {Sun, Chengnian and Li, Yuanbo and Zhang, Qirun and Gu, Tianxiao and Su, Zhendong},
 title = {Perses: Syntax-guided Program Reduction},
 booktitle = {Proceedings of the 40th International Conference on Software Engineering},
 series = {ICSE '18},
 year = {2018},
 isbn = {978-1-4503-5638-1},
 location = {Gothenburg, Sweden},
 pages = {361--371},
 numpages = {11},
 url = {http://doi.acm.org/10.1145/3180155.3180236},
 doi = {10.1145/3180155.3180236},
 acmid = {3180236},
 publisher = {ACM},
 address = {New York, NY, USA},
 keywords = {debugging, delta debugging, program reduction},
} 

@misc{junit,
    title = "{JUnit - About}",
    year = "2018",
    howpublished = "\url{https://junit.org/junit4/}",
    note = "[Online; accessed 13-October-2018]",
  }

@misc{pytest,
    title = "{AdenKenny/42toJavaTest}",
    year = "2018",
    howpublished = "\url{https://github.com/AdenKenny/42toJavaTest}",
    note = "[Online; accessed 13-October-2018]",
  }

@misc{incrementer,
    title = "{AdenKenny/42TestIncrementer}",
    year = "2018",
    howpublished = "\url{https://github.com/AdenKenny/42TestIncrementer}",
    note = "[Online; accessed 13-October-2018]",
  }

@book{enc,
  author    = {Marciniak, John J}, 
  title     = "{The Encyclopedia of Software Engineering}",
  publisher = {John Wiley \& Sons, Inc.},
  year      = 2002,
  volume    = 1,
  edition   = 2,
  isbn      = {9780471377375}
}

@inbook{enc2,
  author    = {Ostrand, Thomas}, 
  title     = "{The Encyclopedia of Software Engineering}",
  publisher = {John Wiley \& Sons, Inc.},
chapter ={},	
pages = {1898-1900},
  year      = 2002,
  volume    = 2,
  edition   = 2,

  isbn      = {9780471377375}
}

@book{sta,
  author    = {Fewster, Mark and Graham, Dorothy}, 
  title     = "{Software Test Automation}",
  publisher = {Addison-Wesley},
  year      = 1999,

  isbn      = {9780201331400}
}

@misc{antlr,
    title = "{ANTLR}",
    year = "2014",
    howpublished = "\url{http://www.antlr.org/}",
    note = "[Online; accessed 19-October-2018]",
  }

@misc{jai,
    title = "{Testing the Jai Compiler - The Witness}",
    year = "2018",
    howpublished = "\url{http://the-witness.net/news/2018/03/testing-the-jai-compiler/}",
    note = "[Online; accessed 19-October-2018]",
  }

@misc{jstest,
    title = "{AdenKenny/42TestHelper}",
    year = "2018",
    howpublished = "\url{https://github.com/AdenKenny/42TestHelper}",
    note = "[Online; accessed 18-October-2018]",
  }

